@book{munkres2018analysis,
  title={Analysis on {M}anifolds},
  author={Munkres, {J}ames {R}},
  year={2018},
  publisher={CRC Press}
}

@misc{malex2022,
  author        = {Alexandrino, Marcos M.},
  title         = {Introdu\c{c}\~ao \`a {G}eometria {R}iemanniana},
  year          = {2022},
  publisher={Instituto de {M}atem\'atica e {E}statística da {U}niversidade de {S}ão {P}aulo},
  note={\url{https://www.ime.usp.br/~malex/arquivos/listas2022/2022-Geometria-Riemanniana-alexandrino.pdf}}
}